%% This is a list of your publications, used only for the thesis by publication
%% if you are not writing a thesis by publication, you can delete the file

@article{gillet2008multipartite,
  title={Multipartite entanglement criterion from uncertainty relations},
  author={Gillet, J{\'e}r{\'e}mie and Bastin, Thierry and Agarwal, GS},
  journal={Physical Review A—Atomic, Molecular, and Optical Physics},
  volume={78},
  number={5},
  pages={052317},
  year={2008},
  publisher={American Physical Society}
}

@article{gillet2010tunable,
  title={Tunable entanglement, antibunching, and saturation effects in dipole blockade},
  author={Gillet, J{\'e}r{\'e}mie and Agarwal, GS and Bastin, Thierry},
  journal={Physical Review A—Atomic, Molecular, and Optical Physics},
  volume={81},
  number={1},
  pages={013837},
  year={2010},
  publisher={American Physical Society}
}

@article{gillet2014tunneling,
  title={Tunneling, self-trapping, and manipulation of higher modes of a Bose-Einstein condensate in a double well},
  author={Gillet, J{\'e}r{\'e}mie and Garcia-March, Miguel A and Busch, Th and Sols, F},
  journal={Physical Review A},
  volume={89},
  number={2},
  pages={023614},
  year={2014},
  publisher={American Physical Society}
}

@article{martinez2015fast,
  title={Fast quasiadiabatic dynamics},
  author={Mart{\'\i}nez-Garaot, S and Ruschhaupt, Andreas and Gillet, J{\'e}r{\'e}mie and Busch, Th and Muga, Juan Gonzalo},
  journal={Physical Review A},
  volume={92},
  number={4},
  pages={043406},
  year={2015},
  publisher={American Physical Society}
}

@article{benseny2016spatial,
  title={Spatial adiabatic passage via interaction-induced band separation},
  author={Benseny, Albert and Gillet, J{\'e}r{\'e}mie and Busch, Thomas},
  journal={Physical Review A},
  volume={93},
  number={3},
  pages={033629},
  year={2016},
  publisher={American Physical Society}
}

@article{schloss2016non,
  title={Non-adiabatic generation of NOON states in a Tonks--Girardeau gas},
  author={Schloss, James and Benseny, Albert and Gillet, J{\'e}r{\'e}mie and Swain, Jacob and Busch, Thomas},
  journal={New Journal of Physics},
  volume={18},
  number={3},
  pages={035012},
  year={2016},
  publisher={IOP Publishing}
}
